@misc{taiwanese_bankruptcy_dataset,
  title        = {{Taiwanese Bankruptcy Prediction}},
  year         = {2020},
  howpublished = {UCI Machine Learning Repository},
  note         = {{DOI}: https://doi.org/10.24432/C5004D}
}

@ARTICLE{feature_selection_curse_of_dim,
  
AUTHOR={Pudjihartono, Nicholas and Fadason, Tayaza and Kempa-Liehr, Andreas W. and O'Sullivan, Justin M.},   
	 
TITLE={A Review of Feature Selection Methods for Machine Learning-Based Disease Risk Prediction},      
	
JOURNAL={Frontiers in Bioinformatics},      
	
VOLUME={2},           
	
YEAR={2022},      
	  
URL={https://www.frontiersin.org/articles/10.3389/fbinf.2022.927312},       
	
DOI={10.3389/fbinf.2022.927312},      
	
ISSN={2673-7647},   
}

@article{multicolinearity,
  title={Multicollinearity and misleading statistical results},
  author={Kim, Jong Hae},
  journal={Korean journal of anesthesiology},
  volume={72},
  number={6},
  pages={558},
  year={2019},
  publisher={Korean Society of Anesthesiologists}
}

@article{multicolinearity_midi,
  title={Collinearity diagnostics of binary logistic regression model},
  author={Midi, Habshah and Sarkar, Saroje Kumar and Rana, Sohel},
  journal={Journal of interdisciplinary mathematics},
  volume={13},
  number={3},
  pages={253--267},
  year={2010},
  publisher={Taylor \& Francis}
}

@article{random_forest_rfe,
  title={Using recursive feature elimination in random forest to account for correlated variables in high dimensional data},
  author={Darst, Burcu F and Malecki, Kristen C and Engelman, Corinne D},
  journal={BMC genetics},
  volume={19},
  pages={1--6},
  year={2018},
  publisher={Springer}
}

@article{accuracy_misleading,
  title={Class imbalance should not throw you off balance: Choosing the right classifiers and performance metrics for brain decoding with imbalanced data},
  author={Th{\"o}lke, Philipp and Mantilla-Ramos, Yorguin-Jose and Abdelhedi, Hamza and Maschke, Charlotte and Dehgan, Arthur and Harel, Yann and Kemtur, Anirudha and Berrada, Loubna Mekki and Sahraoui, Myriam and Young, Tammy and others},
  journal={NeuroImage},
  volume={277},
  pages={120253},
  year={2023},
  publisher={Elsevier}
}

@article{smote,
  title={SMOTE for learning from imbalanced data: progress and challenges, marking the 15-year anniversary},
  author={Fern{\'a}ndez, Alberto and Garcia, Salvador and Herrera, Francisco and Chawla, Nitesh V},
  journal={Journal of artificial intelligence research},
  volume={61},
  pages={863--905},
  year={2018}
}

@inproceedings{under_over_sampling,
  title={A study with class imbalance and random sampling for a decision tree learning system},
  author={Prati, Ronaldo C and Batista, Gustavo EAPA and Monard, Maria Carolina},
  booktitle={IFIP International Conference on Artificial Intelligence in Theory and Practice},
  pages={131--140},
  year={2008},
  organization={Springer}
}

@article{gbc_paper,
  title={Water quality prediction and classification based on principal component regression and gradient boosting classifier approach},
  author={Khan, Md Saikat Islam and Islam, Nazrul and Uddin, Jia and Islam, Sifatul and Nasir, Mostofa Kamal},
  journal={Journal of King Saud University-Computer and Information Sciences},
  volume={34},
  number={8},
  pages={4773--4781},
  year={2022},
  publisher={Elsevier}
}

@misc{shap_introduction, title={Interpretable machine learning}, url={https://christophm.github.io/interpretable-ml-book/shapley.html}, journal={9.5 Shapley Values}, author={Molnar, Christoph}, year={2023}, month={Aug}} 